
@article{LZ77Approx,
	author="Fischer, Johannes and Gagie, Travis and Gawrychowski, Pawe{\l} and Kociumaka, Tomasz",
	title = {Approximating LZ77 via Small-Space Multiple-Pattern Matching},
	booktitle="Algorithms - ESA 2015",
	year="2015",
	pages="533--544"
}


@ARTICLE{LZ77,
	
	author={J. {Ziv} and A. {Lempel}},
	
	journal={IEEE Transactions on Information Theory}, 
	
	title={A universal algorithm for sequential data compression}, 
	
	year={1977},
	
	volume={23},
	
	number={3},
	
	pages={337-343},}
@article{LZ77parrallel,
	
	author={Shmuel Tomi Klein, Yair Wiseman},
	
	journal={Discrete Applied Mathematics},
	
	title={Parallel Lempel Ziv coding},
	
	year={2005},
	
	volume={146},
	pages={180-191}
}

@techreport{h.264,
author={ISO/IEC 14496-10:2014},
title={Coding of audio-visual objects — Part 10: Advanced Video Coding
}
}

@INPROCEEDINGS{7149287,
	
	author={A. {Ukil} and S. {Bandyopadhyay} and A. {Pal}},
	
	booktitle={2015 Data Compression Conference}, 
	
	title={IoT Data Compression: Sensor-Agnostic Approach}, 
	
	year={2015},
	
	volume={},
	
	number={},
	
	pages={303-312},}

@article{ IoT2,
	author = {{Khairi, Nor Asilah} and {Bahari Jambek, Asral}},
	title = {Study on data compression algorithm and its implementation in portable electronic device for Internet of Things applications},
	DOI= "10.1051/epjconf/201716201073",
	url= "https://doi.org/10.1051/epjconf/201716201073",
	journal = {EPJ Web Conf.},
	year = 2017,
	volume = 162,
	pages = "01073",
}
@TechReport{PNG,
	author      = "David Duce",
	title       = "Portable Network Graphics ({PNG}) Specification (Second Edition)",
	month       = nov,
	note        = "http://www.w3.org/TR/2003/REC-PNG-20031110/",
	year        = "2003",
	bibsource   = "https://w2.syronex.com/jmr/w3c-biblio",
	type        = "{W3C} Recommendation",
	institution = "W3C",
}

@article{deflate,
	title={DEFLATE Compressed Data Format Specification version 1.3},
	author={Peter Deutsch},
	journal={RFC},
	year={1996},
	volume={1951},
	pages={1-17}
}

@INPROCEEDINGS{shun,
	
	author={J. {Shun} and F. {Zhao}},
	
	booktitle={2013 Data Compression Conference}, 
	
	title={Practical Parallel Lempel-Ziv Factorization}, 
	
	year={2013},
	
	pages={123-132},}

@article{LZSS,
	author = {Storer, James A. and Szymanski, Thomas G.},
	title = {Data Compression via Textual Substitution},
	year = {1982},
	issue_date = {Oct. 1982},
	publisher = {Association for Computing Machinery},
	address = {New York, NY, USA},
	volume = {29},
	number = {4},
	issn = {0004-5411},
	url = {https://doi.org/10.1145/322344.322346},
	doi = {10.1145/322344.322346},
	journal = {J. ACM},
	month = oct,
	pages = {928–951},
	numpages = {24}
}


@article{brotli,
	author = {Alakuijala, Jyrki and Farruggia, Andrea and Ferragina, Paolo and Kliuchnikov, Eugene and Obryk, Robert and Szabadka, Zoltan and Vandevenne, Lode},
	year = {2018},
	month = {12},
	pages = {1-30},
	title = {Brotli: A General-Purpose Data Compressor},
	volume = {37},
	journal = {ACM Transactions on Information Systems},
	doi = {10.1145/3231935}
}

@misc{geldreich,
	author={Richard Geldreich},
	title={LZHAM - Lossless Data Compression Codec},
	year   = "2015 (zugriff am 20-Mai-2020)",
	note   = "\url{https://github.com/richgel999/lzham_codec}"
}

@misc{styleguide,
	author ={{Google LLC}},
	title ={Google C++ Style Guide},
	year = "2020 (zugriff am 7-Juni-2020)",
	note = "\url{https://google.github.io/styleguide/cppguide.html}"
}

@article{distribut,
	author = {De Agostino, Sergio},
	year = {2011},
	month = {09},
	pages = {},
	title = {Lempel–Ziv Data Compression on Parallel and Distributed Systems},
	volume = {4},
	journal = {Algorithms},
	doi = {10.3390/a4030183}
}

@InProceedings{karker,
	author="K{\"a}rkk{\"a}inen, Juha
	and Kempa, Dominik
	and Puglisi, Simon J.",
	editor="Bonifaci, Vincenzo
	and Demetrescu, Camil
	and Marchetti-Spaccamela, Alberto",
	title="Lightweight Lempel-Ziv Parsing",
	booktitle="Experimental Algorithms",
	year="2013",
	publisher="Springer Berlin Heidelberg",
	address="Berlin, Heidelberg",
	pages="139--150",
	isbn="978-3-642-38527-8"
}

@inproceedings{Nittograph,
	title={Parsing Algorithms for Data Compression},
	author={Igor Nitto},
	year={2010},
	pages={42-45}
}
@book{cplusplus,
	author = {Stroustrup, Bjarne},
	title = {The C++ Programming Language},
	year = {2013},
	isbn = {0321563840},
	publisher = {Addison-Wesley Professional},
	edition = {4th}
}

@article{approxdef,
	author = {Kann, Viggo},
	year = {1992},
	month = {01},
	pages = {},
	title = {On the Approximability of NP-complete Optimization Problems}
}
@inbook{compressreff,
	author = {Salomon, David},
	title = {Data Compression: The Complete Reference},
	year = {2006},	
	publisher = {Springer-Verlag},
	pages="1-15"
}
@inbook{Algoengeieer,
author = {Sanders, Peter},
title = {Algorithm Engineering – An Attempt at a Definition},
year = {2009},
publisher = {Springer-Verlag},
pages = "321-340"
}
